<?xml version="1.0" encoding="UTF-8"?><record xmlns="http://www.loc.gov/MARC21/slim" xmlns:cinclude="http://apache.org/cocoon/include/1.0" xmlns:zs="http://www.loc.gov/zing/srw/">
  <leader>00468cz  a2200133n  4500</leader>
  <controlfield tag="001">n 2006204633</controlfield>
  <controlfield tag="003">DLC</controlfield>
  <controlfield tag="005">20071106074918.0</controlfield>
  <controlfield tag="008">071023n| acannaabn          |a ana      </controlfield>
  <datafield tag="010" ind1=" " ind2=" ">
    <subfield code="a">n 2006204633</subfield>
  </datafield>
  <datafield tag="040" ind1=" " ind2=" ">
    <subfield code="a">DLC</subfield>
    <subfield code="b">eng</subfield>
    <subfield code="c">DLC</subfield>
    <subfield code="d">DLC</subfield>
  </datafield>
  <datafield tag="110" ind1="2" ind2=" ">
    <subfield code="a">Dār al-Shabāb (Morocco)</subfield>
  </datafield>
  <datafield tag="410" ind1="2" ind2=" ">
    <subfield code="a">Muʼassasat Dār al-Shabāb (Morocco)</subfield>
  </datafield>
  <datafield tag="670" ind1=" " ind2=" ">
    <subfield code="a">Dār al-Shabāb wa-asʼilat al-mujtamaʻ al-madanī bi-al-Maghrib, 2006:</subfield>
    <subfield code="b">t.p. (Dār al-Shabāb) p. 9 (Muʼassasat Dār al-Shabāb)</subfield>
  </datafield>
</record>